
@misc{pearc-website,
	title = {{PEARC: Practice \& Experience in Advanced Research Computing
	Conference Series}},
	url = {https://www.pearc.org/},
	year = {n.d.},
	note = {[Accessed: 4 Nov 2018]},
}


@misc{xsede-website,
	title = {{Extreme Science and Engineering Discovery Environment}},
	url = {https://www.xsede.org/},
	year = {n.d.},
	note = {[Accessed: 28 Oct 2018]},
	}

@book{lave-wenger-1991,
	author = {Lave, J. and Wenger, E.},
	year = {1991},
	title = { Situated Learning: Legitimate Peripheral Participation},
	publisher = {Cambridge University Press},
	pages = {138},
}


@book{shahand2015-1,
	author = {Shahand, S.},
	year = {2015},
	title = {Science gateways for biomedical big data analysis},
	publisher = {University of Amsterdam},
	address = {Amsterdam},
	pages = {178},
	url = {http://hdl.handle.net/11245/1.490613}
}

@online{what-is-sg-2,
	author = {Wikipedia},
	title = {Science Gateway},
	url = {https://en.wikipedia.org/wiki/Science_gateway},
	year = {2018},
	note = {[Accessed: 20 May 2018]},
}

@ONLINE{nectar-impact-3,
	author = {Nectar},
	title = {Nectar Impact},
	url = {https://nectar.org.au/nectar-impact/},
	year = {2016},
	note = {[Accessed: 20 May 2018]},
}

@ONLINE{jisc-vre-4,
	author = {Jisc},
	title = {Virtual research environment programme},
	url = {http://webarchive.nationalarchives.gov.uk/20140702163345/http://www.jisc.ac.uk/whatwedo/programmes/vre.aspx},
	year = {2014},
	note = {[Accessed: 20 May 2018]},
}

@ONLINE{h2020-vre-5,
	author = {{European Comission}},
	title = {{EINFRA-9-2015 - e-Infrastructures for virtual research environments (VRE)}},
	url = {https://cordis.europa.eu/programme/rcn/664625_en.html},
	year = {2015},
	note = {[Accessed: 20 May 2018]},
}

@report{Carusi2010-6,
	author = {Carusi, A. and Reimer, T.},
	title = {Virtual research environment collaborative landscape study},
	institution = {Jisc},
	year = {2010},
	URL= {https://spiral.imperial.ac.uk/bitstream/10044/1/18568/2/vrelandscapereport.pdf},
}

@article{candela2013-7,
	author={Candela, L. and Castelli, D. and Pagano, P. },
	title={Virtual Research Environments: An Overview and a Research Agenda},
	journal={Data Science Journal},
	volume={12},
	year=2013,
	pages={{}GRDI75–-GRDI81}},
	doi={10.2481/dsj.GRDI-013}
}

@ONLINE{agave-8,
	author = {{Texas Advanced Computing Centre}},
	title = {{Agave Platform}},
	url = {http://agaveapi.co/},
	year = {2016},
	note = {[Accessed: 20 May 2018]},
}

@ONLINE{carmin-9,
	author = {{CARMIN}},
	title = {{Common API for Research Medical Imaging Network}},
	url = {https://github.com/CARMIN-org},
	year = {n.d.},
	note = {[Accessed: 20 May 2018]},
}

@ONLINE{cwl-10,
	author = {{CWL}},
	title = {{Common Workflow Language}},
	url = {http://www.commonwl.org/},
	year = {n.d.},
	note = {[Accessed: 20 May 2018]},
}

@misc{boutiques-11,
	author    = {Tristan Glatard and
	Gregory Kiar and
	Tristan Aumentado{-}Armstrong and
	Natacha Beck and
	Pierre Bellec and
	R{\'{e}}mi Bernard and
	Axel Bonnet and
	Sorina Camarasu{-}Pop and
	Fr{\'{e}}d{\'{e}}ric Cervenansky and
	Samir Das and
	Rafael Ferreira da Silva and
	Guillaume Flandin and
	Pascal Girard and
	Krzysztof J. Gorgolewski and
	Charles R. G. Guttmann and
	Val{\'{e}}rie Hayot{-}Sasson and
	Pierre{-}Olivier Quirion and
	Pierre Rioux and
	Marc{-}Etienne Rousseau and
	Alan C. Evans},
	title     = {Boutiques: a flexible framework for automated application integration
	in computing platforms},
	archivePrefix = {arXiv},
	eprint   = {abs/1711.09713},
	year      = {2017},
	url       = {http://arxiv.org/abs/1711.09713},
}

@ONLINE{nidm-12,
	author = {{NIDM Working Group}},
	title = {{Neuroimaging Data Model}},
	url = {http://nidm.nidash.org/},
	year = {n.d.},
	note = {[Accessed: 20 May 2018]},
}

@article{bids-13,
	author={Gorgolewski, Krzysztof J. and Auer, Tibor and Calhoun, Vince D. and Craddock, R. Cameron and Das, Samir and Duff, Eugene P. and Flandin, Guillaume and Ghosh, Satrajit S. and Glatard, Tristan and Halchenko, Yaroslav O. and Handwerker, Daniel A. and Hanke, Michael and Keator, David and Li, Xiangrui and Michael, Zachary and Maumet, Camille and Nichols, B. Nolan and Nichols, Thomas E. and Pellman, John and Poline, Jean-Baptiste and Rokem, Ariel and Schaefer, Gunnar and Sochat, Vanessa and Triplett, William and Turner, Jessica A. and Varoquaux, Gaël and Poldrack, Russell A.},
	title={The brain imaging data structure, a format for organizing and describing outputs of neuroimaging experiments},
	journal={Scientific Data},
	volume={3},
	year=2016,
	pages={175-191},
	doi={10.1038/sdata.2016.44}
}

@misc{ivoa-14,
	author = {{IVOA}},
	title = {{International Virtual Observatory Alliance}},
	url = {http://www.ivoa.net/},
	year = {n.d.},	
	note = {[Accessed: 20 May 2018]},
}

@misc{canarie-15,
	author = {{CANARIE}},
	title = {{Research Platforms}},
	url = {https://www.canarie.ca/software/platforms/},
	year = 2017,
	note = {[Accessed: 20 May 2018]},
}

@misc{sgci-16,
	author = {{SGCI}},
	title = {{Science Gateway Community Institute}},
	url = {http://sciencegateways.org/about/},
	year = 2015,
	note = {[Accessed: 20 May 2018]},
}

@misc{nsf-si-17,
	author = {{National Science Foundation}},
	title = {{ Software Infrastructure for Sustained Innovation}},
	url = {https://www.nsf.gov/publications/pub_summ.jsp?ods_key=nsf17526},
	year = 2016,
	note = {[Accessed: 20 May 2018]},
}

@book{kacsuk2014-18,
	editor = {Kacsuk, P.},
	year = {2014},
	title = {Science Gateways for Distributed Computing Infrastructures: Development framework and exploitation by scientific user communities},
	publisher = {Springer},
	address = {Amsterdam},
	pages = {301},
	doi={10.1007/978-3-319-11268-8},
}

@article{decide-19,
	author={Ardizzone, V. and Barbera, R. and Calanducci, A. and Fargetta, M. and Ingrà, E. and Porro, I. and La Rocca, G. and Monforte, S. and Ricceri, R. and Rotondo, R. and Scardaci, D. and Schenone, A.},
	title={{
	The DECIDE Science Gateway}},
	journal={J Grid Computing},
	volume={10},
	number={4},
	year=2012,
	pages={689–707},
	doi={10.1007/s10723-012-9242-3}
}

@misc{h2020-projects-20,
author = {{European Comission}},
title = {{Six new projects on e-Infrastructures for virtual research environments}},
url = {https://ec.europa.eu/programmes/horizon2020/en/news/six-new-projects-e-infrastructures-virtual-research-environments},
year = {2015},
note = {[Accessed: 20 May 2018]},
}

@misc{vre4eic-21,
	author = {{VRE4EIC}},
	title = {{Press release}},
	url = {http://www.vre4eic.eu/publications/press-releases/69-a-4-37m-european-investment-towards-next-generation-virtual-research-environments-for-70-000-researchers},
	year = {2016},
	note = {[Accessed: 20 May 2018]},
}

@misc{sci-gaia-22,
	author = {{Sci-GaIA}},
	title = {{About The Sci-GaIA project – “Energising Scientific Endeavour through Science Gateways and e-Infrastructures in Africa”}},
	url = {http://www.sci-gaia.eu/about-sci-gaia/},
	year = {2015},
	note = {[Accessed: 20 May 2018]},
}

@misc{icsg-23,
	author = {{ICSG}},
	title = {{International Coalition on Science Gateways}},
	url = {http://www.icsciencegateways.org/},
	year = {n.d.},
	note = {[Accessed: 20 May 2018]},
}

@misc{rda-vre-ig-24,
	author = {{Research Data Alliance}},
	title = {{Virtual Research Environment Interest Group}},
	url = {https://rd-alliance.org/groups/vre-ig.html},
	year = {n.d.},
	note = {[Accessed: 20 May 2018]},
}

@misc{iwsg-25,
	author = {{International Workshop on Science Gateways}},
	title = {{About IWSG}},
	url = {http://iwsg-life.org/site/iwsglife/},
	year = {n.d.},
	note = {[Accessed: 20 May 2018]},
}

@misc{iwsg-a-26,
	author = {{International Workshop on Science Gateways}},
	title = {{About IWSG-Australia}},
	url = {http://iwsg-life.org/site/iwsglife/about-iwsg-a},
	year = {n.d.},
	note = {[Accessed: 20 May 2018]},
}



@misc{hiccs-30,
	author = {Gesing, S. and Wilkins-Diehr, N. and Barker, M.},
	title = {{Hawaii International Conference on System Sciences (HICSS-50) Minitrack on Science Gateways and Portals}},
	url = {https://scholarspace.manoa.hawaii.edu/handle/10125/42675},
	year = {2017},
	note = {[Accessed: 20 May 2018]},
}

@misc{ieee-tc-31,
	author = {{IEEE}},
	title = {{IEEE Technical Committee on Scalable Computing: Technical Area on Science Gateways}},
	url = {https://sites.google.com/site/ieeesciencegateways/home},
	year = {n.d.},
	note = {[Accessed: 20 May 2018]},
}

@article{force11-32,
	author = {Smith, A M and Katz, D K and Niemeyer, K E and {FORCE11 Software Citation Working Group}}, title={{Software Citation Principles}},
	journal = {{PeerJ Computer Science}},
	volume = {2:e86},
	year = 2016,
	doi = {10.7717/peerj-cs.86},
}

@article{nanohub-33,
	author = {Madhavan, K and Zentner, L and Farnsworth, V and Shivarajapura, S and Zentner, M and Denny, N and Klimeck, G},
	title = {{nanoHUB.org: Cloud-based Services for Nanoscale Modelling, Simulation, and Education}},
	journal = {Nanotechnology Reviews},
	volume = {2},
	number=1,
	year = 2013,
	pages = {107-117},
	doi = {10.1515/ntrev-2012-0043},
}


@article{Mayernik-34,
	author = {Mayernik, M S. and Hart, D L. and Maull, KE. and Weber, N M.},
	title = {Assessing and tracing the outcomes and impact of research infrastructures},
	journal = {Journal of the Association for Information Science and Technology},
	volume = {68},
	year=2016,
	number = {6},
	pages = {1341-1359},
	doi = {10.1002/asi.23721},
	url = {https://onlinelibrary.wiley.com/doi/abs/10.1002/asi.23721},
	eprint = {https://onlinelibrary.wiley.com/doi/pdf/10.1002/asi.23721},
}

@report{Beagrie2016-35,
	author = {Beagrie, N and Houghton, J.},
	title = {{The value and impact of the European Bioinformatics Institute}},
	institution = {EMBL-EBI},
	year = {2016},
	URL= {https://beagrie.com/static/resource/EBI-impact-report.pdf},
}


@InProceedings{Hannay2009-36,
	author = {Hannay, JE and MacLeod, C and Singer, J and Langtangen, HP and Pfahl, D and Wilson, G},
	title = {How Do Scientists Develop and Use Scientific Software},
	booktitle = {Proceedings of 2009 ICSE Workshop on Software Engineering for Computational Science and Engineering},
	year = 2009,
	publisher = {{ACM Computer Science}},
	pages = {1-8},
	doi = {10.1109/SECSE.2009.5069155}
}

@article{Lawrence2015-37,
	author = {Lawrence, K A and Zentner, M and Wilkins-Diehr, N and Wernert, J A and Pierce, M and Marru, S M.},
	title = {{Science gateways today and tomorrow: Positive perspectives of nearly 5,000 members of the research community}},
	journal = {Concurrency and Computation: Practice and Experience},
	volume = {27},
	number = {16},
	year = 2015,
	pages = {4252-5268},
	doi = {10.1002/cpe.3526},
}

@article{Wiedmann2017-38,
	author = {Thomas Wiedmann},
	title = {{An input-output virtual laboratory in practice - survey of uptake, usage and applications of the first operational IELab}},
	journal = {Economic Systems Research},
	volume = {29},
	number = {2},
	pages = {296-312},
	year  = {2017},
	publisher = {Routledge},
	doi = {10.1080/09535314.2017.1283295},
	URL = { 
	https://doi.org/10.1080/09535314.2017.1283295},
	eprint = { 
	https://doi.org/10.1080/09535314.2017.1283295
	}
}

@misc{force11-39,
	author = {{FORCE11}},
	title = {{Software Citation Implementation Working Group}},
	url = {https://www.force11.org/group/software-citation-implementation-working-group},
	year = {2017},
	note = {[Accessed: 10 June 2018]},
}


@inproceedings{Miller2012-40,
	author = {Miller, Mark A. and Pfeiffer, Wayne and Schwartz, T},
	title = {{The CIPRES Science Gateway: Enabling High-impact Science for Phylogenetics Researchers with Limited Resources}},
	booktitle = {Proceedings of the 1st Conference of the Extreme Science and Engineering Discovery Environment: Bridging from the eXtreme to the Campus and Beyond},
	series = {XSEDE'12},
	year = {2012},
	isbn = {978-1-4503-1602-6},
	location = {Chicago, Illinois, USA},
	pages = {39:1--39:8},
	articleno = {39},
	numpages = {8},
	doi = {10.1145/2335755.2335836},
	acmid = {2335836},
	publisher = {ACM},
	address = {New York, NY, USA},
	keywords = {BEAST, CIPRES, GARLI, MAFFT, MrBayes, RAxML, phylogenetics, science gateway, sequence alignment, tree inference},
} 







%special issues


@book{jgc2012,
	title = {Special Issue: Science Gateways},
	author={{Journal of Grid Computing}},
	year="2012",
	month="Dec",
	day="01",
	volume="10",
	number="4",
	doi="10.1007/s10723-012-9245-0",
}

@article{jgc2015-29,
	author="Gesing, S. and Wilkins-Diehr, N. and Barker, M. and Pierantoni, G.",
	title="Science Gateway Workshops 2015 Special Issue Conference Publications",
	journal={{Journal of Grid Computing}},
	year="2016",
	month="Dec",
	day="01",
	volume="14",
	number="4",
	pages="495--498",
	issn="1572-9184",
	doi="10.1007/s10723-016-9389-4",
	url="https://doi.org/10.1007/s10723-016-9389-4",
}

@book{ccpe2005,
	title = {{Special Issue on Workshop on Grid Computing Portals (GCE 2005)}},
	author = {{Concurrency and Computation: Practice and Experience}},
	volume = {19},
	number = {12},
	year = 2007,
	doi = {10.1002/cpe.1258},
}

@book{ccpe2007,
	title = {{Special Issue: Science Gateways—-Common Community Interfaces to Grid Resources}},
	author = {{Concurrency and Computation: Practice and Experience}},
	volume = {19},
	number = {6},
	year = 2007,
	doi = {10.1002/cpe.1098},
}

@article{ccpe2011,
	author={Gesing, Sandra and van Hemert, Jano and  Kacsuk, Peter and  Kohlbacher,Oliver},
	title = {{Special issue: portals for life sciences -- providing intuitive access to bioinformatic tools}},
	journal={{Concurrency and Computation: Practice and Experience}},
	volume = {23},
	number = {3},
	year=2011,
	doi = {10.1002/cpe.1687},
}

@article{ccpe2013-28,
	author={Wilkins-Diehr, N and Gesing, S and Kiss, T.},
	title={{Science gateway workshops 2013 special issue conference publications}},
	journal={Concurrency and Computation: Practice and Experience},
	volume={27},
	number=2,
	year=2014,
	pages={253–-257},
	doi={10.1002/cpe.3362}
}

@book{ccpe2013,
	title = {Special Issue: Science Gateway Workshop 2013 (SGW 2013)},
	author={{Concurrency and Computation: Practice and Experience}},
	year="2015",
	volume=27,
	number="2",
	url="https://onlinelibrary.wiley.com/toc/15320634/2015/27/2",
}

@article{ccpe2014-27,
	author={Wilkins-Diehr, N and Gesing, S and Kiss, T.},
	title={{Science gateway workshops 2014 special issue conference publications}},
	journal={Concurrency and Computation: Practice and Experience},
	volume={27},
	number=16,
	year=2015,
	pages={4247–-4251},
	doi={10.1002/cpe.3362}
}



@book{ccpe2015,
	title = {{GCE'15 Special Issue Conference Publications}},
	author={{Concurrency and Computation: Practice and Experience}},
	volume = {28},
	number = {7},
	year=2015,
	doi = {10.1002/cpe.3743},
}


% proceedings

@proceedings{gce2009,
	title = {GCE '09: Proceedings of the 5th Grid Computing Environments Workshop},
	year = {2009},
	isbn = {978-1-60558-887-2},
	location = {Portland, Oregon},
	publisher = {ACM},
	url={https://dl.acm.org/citation.cfm?id=1658260},
} 

@proceedings{gce2010,
	title = {Gateway Computing Environments Workshop (GCE 2010)},
	year = {2010},
	location = {New Orleans, Louisiana},
	publisher = {IEEE},
	url={http://www.proceedings.com/10226.html},
} 


	
% links to projects

@misc{aarc-50,
	author = {{AARC}},
	title = {{Authentication and Authorisation for Research and Collaboration project website}},
	url = {https://aarc-project.eu/about/},
	year = {n.d.},
	note = {[Accessed: 1 June 2018]},
}

@misc{aai-51,
	author = {EGI},
	title = {{EGI AAI Check-in Service}},
	url = {https://wiki.egi.eu/wiki/AAI},
	year = {n.d.},
	note = {[Accessed: 1 June 2018]},
}

@misc{indigo-52,
	title = {{INDIGO-DataCloud project website (INtegrating Distributed data Infrastructures for Global ExplOitation)}},
	url = {https://www.indigo-datacloud.eu/the_project},
	year = {n.d.},
	note = {[Accessed: 1 June 2018]},
}

@Article{Costa2015-53,
	author="Costa, Alessandro
	and Massimino, Pietro
	and Bandieramonte, Marilena
	and Becciani, Ugo
	and Krokos, Mel
	and Pistagna, Costantino
	and Riggi, Simone
	and Sciacca, Eva
	and Vitello, Fabio",
	title="An Innovative Science Gateway for the Cherenkov Telescope Array",
	journal="Journal of Grid Computing",
	year="2015",
	month="Dec",
	day="01",
	volume="13",
	number="4",
	pages="547--559",
	doi="10.1007/s10723-015-9330-2",
}

@misc{alces-54,
	title = {{Alces Flight Compute website}},
	url = {https://alces-flight.com/},
	year = {n.d.},
	note = {[Accessed: 1 June 2018]},
}

@misc{hubzero-55,
	title = {{HUBzero website}},
	url = {http://hubzero.org},
	year = {n.d.},
	note = {[Accessed: 1 June 2018]},
}

@misc{github-56,
	title = {{GitHub website}},
	url = {http://github.com},
	year = {n.d.},
	note = {[Accessed: 5 June 2018]},
}

@misc{openhatch-57,
	title = {{OpenHatch website}},
	url = {http://openhatch.org/},
	year = {n.d.},
	note = {[Accessed: 5 June 2018]},
}

@misc{canarie-58,
	title = {{CANARIE research software portal}},
	url = {http://science.canarie.ca},
	year = {n.d.},
	note = {[Accessed: 5 June 2018]},
}

@misc{iplant-59,
	title = {{iPlant Collaborative}},
	url = {https://en.wikipedia.org/wiki/IPlant_Collaborative},
	year = {n.d.},
	note = {[Accessed: 5 June 2018]},
}

@misc{cyverse-60,
	title = {{CYVERSE website}},
	url = {http://www.cyverse.org/},
	year = {n.d.},
	note = {[Accessed: 5 June 2018]},
}


@ARTICLE{cbrain-70,
	AUTHOR={Sherif, Tarek and Rioux, Pierre and Rousseau, Marc-Etienne and Kassis, Nicolas and Beck, Natacha and Adalat, Reza and Das, Samir and Glatard, Tristan and Evans, Alan C.},   
	TITLE={{CBRAIN}: a web-based, distributed computing platform for collaborative neuroimaging research},      
	JOURNAL={Frontiers in Neuroinformatics},      
	VOLUME={8},      
	PAGES={54},     
	YEAR={2014},      
	URL={https://www.frontiersin.org/article/10.3389/fninf.2014.00054},       
	DOI={10.3389/fninf.2014.00054},      	
}

@ARTICLE{remedi-71,
	AUTHOR={Zentner, M and Zink, R},
	TITLE={{HUBzero and CatalyzeCare:
	A community-driven platform for data sharing and
	collaboration in medical informatics research}},      
	JOURNAL={PeerJ Preprints},      
	VOLUME={5:e2819v1},   
	year=2017,   
	DOI={10.7287/peerj.preprints.2819v1},       
}

@misc{everest-73,
	title = {{The EVER-EST project}},
	url = {https://ever-est.eu/about},
	year = {n.d.},
	note = {[Accessed: 5 June 2018]},
}

@misc{cleerhub-74,
	title = {{CLEERhub}},
	url = {https://stemedhub.org/groups/cleerhub},
	year = {n.d.},
	note = {[Accessed: 5 June 2018]},
}

@misc{vortex-75,
	title = {{Vortex-Induced Vibration Simulation Website}},
	url = {http://js-156-75.jetstream-cloud.org/vortexshedding/},
	year = {n.d.},
	note = {[Accessed: 5 June 2018]},
}

@misc{zoo-76,
	title = {{Zooniverse webiste}},
	url = {https://www.zooniverse.org},
	year = {n.d.},
	note = {[Accessed: 5 June 2018]},
}

@misc{pearc-77,
	title = {{PEARC - Practice \& Experience in Advanced Research Computing
	Conference Series website}},
	url = {https://www.pearc.org/},
	year = {n.d.},
	note = {[Accessed: 5 June 2018]},
}

@misc{di4r-78,
	title = {{Digital Infrastructures for Research (DI4R) conference }},
	url = {https://www.digitalinfrastructures.eu/},
	year = {n.d.},
	note = {[Accessed: 5 June 2018]},
}

@misc{nectar-80,
	author= {Nectar},
	title = {{Nectar virtual labs have huge impact}},
	url = {https://nectar.org.au/vls-have-huge-economic-research-impact/},
	year = {n.d.},
	note = {[Accessed: 5 June 2018]},
}

@misc{ecoed-81,
	author= {Chantal Huijbers},
	title = {{EcoEd training for first-rate science education}},
	url = {http://www.bccvl.org.au/ecoed-training-for-first-rate-science-education/},
	year = {n.d.},
	note = {[Accessed: 5 June 2018]},
}

@Article{rubelt-82,
	author="Florian Rubelt and Christian E Busse and Syed Ahmad Chan Bukhari and Jean-Philippe Bürckert and Encarnita Mariotti-Ferrandiz and Lindsay G Cowell and Corey T Watson, Nishanth Marthandan and William J Faison and Uri Hershberg and Uri Laserson and Brian D Corrie and Mark M Davis and Bjoern Peters and Marie-Paule Lefranc, Jamie K Scott and Felix Breden and {The AIRR Community} 
	and Eline T Luning Prak and Steven H Kleinstein",
	title="Adaptive Immune Receptor Repertoire Community recommendations for sharing immune-repertoire sequencing data",
	journal="Nat Immunol",
	year="2017",
	volume="18",
	number="12",
	pages="1274-–1278",
	doi="10.1038/ni.3873",
}

@Article{Breden-83,
	AUTHOR={Breden, Felix and Luning Prak, Eline T. and Peters, Bjoern and Rubelt, Florian and Schramm, Chaim A. and Busse, Christian E. and Vander Heiden, Jason A. and Christley, Scott and Bukhari, Syed Ahmad Chan and Thorogood, Adrian and Matsen IV, Frederick A. and Wine, Yariv and Laserson, Uri and Klatzmann, David and Douek, Daniel C. and Lefranc, Marie-Paule and Collins, Andrew M. and Bubela, Tania and Kleinstein, Steven H. and Watson, Corey T. and Cowell, Lindsay G. and Scott, Jamie K. and Kepler, Thomas B.},   

	title="Reproducibility and Reuse of Adaptive Immune Receptor Repertoire Data",
	JOURNAL={Frontiers in Immunology},      

	VOLUME={8},      

	PAGES={1418},     

	YEAR={2017},      
	doi="10.3389/fimmu.2017.01418",
}

@report{xsede-85,
	title = {Interim Project Report 5},
	author = {{XSEDE: The Extreme Science and
	Engineering Discovery Environment}},
	year = {2018},
	URL= {http://hdl.handle.net/2142/99773},
}

@misc{course-86,
	author={{Indiana University -- School of
	Informatics, Computing, and Engineering}},
	title = {{Course: Science Gateway Architectures}},
	url = {https://www.sice.indiana.edu/graduate/courses/index.html?number=b649&department=CSCI},
	year = {Fall 2017},
	note = {[Accessed: 5 June 2018]},
}

@misc{airavata,
	title = {{Apache Airavata}},
	url = {https://airavata.apache.org/},
	year = {n.d.},
	note = {[Accessed: 7 June 2018]},
}


@misc{galaxy,
	title = {{Galaxy Project website}},
	url = {https://galaxyproject.org/},
	year = {n.d.},
	note = {[Accessed: 7 June 2018]},
}


@misc{drupal,
	title = {{Drupal website}},
	url = {https://www.drupal.org/},
	year = {n.d.},
	note = {[Accessed: 7 June 2018]},
}

@misc{django,
	title = {{Django Project website}},
	url = {https://www.djangoproject.com/},
	year = {n.d.},
	note = {[Accessed: 7 June 2018]},
}

@misc{futuregateway,
	title = {{FutureGateway Application Programming Interface}},
	url = {https://www.indigo-datacloud.eu/future-gateways-programmable-scientific-portal},
	year = {n.d.},
	note = {[Accessed: 7 June 2018]},
}

@misc{cio,
	title = {{Center for Open Science website}},
	url = {https://cos.io/},
	year = {n.d.},
	note = {[Accessed: 7 June 2018]},
}

@misc{wssspe,
	title = {{Working toward Sustainable Software for Science: Practice and Experiences}},
	url = {http://wssspe.researchcomputing.org.uk/},
	year = {n.d.},
	note = {[Accessed: 7 June 2018]},
}

@misc{cvl,
	title = {{Characterisation Virtual Lab research software portal}},
	url = {https://github.com/CVL-dev},
	year = {n.d.},
	note = {[Accessed: 7 June 2018]},
}
